<?xml version="1.0" encoding="UTF-8"?><collection xmlns="http://www.loc.gov/MARC21/slim"><record><leader>00524nam--2200181-i-4500</leader><controlfield tag="001">000045146</controlfield><controlfield tag="002">20161230</controlfield><controlfield tag="005">20161230201044</controlfield><controlfield tag="008">060222s1000------------r-----000-0-fre-d</controlfield><datafield ind1=" " ind2=" " tag="040"><subfield code="a">IFIN-HH</subfield></datafield><datafield ind1=" " ind2=" " tag="041"><subfield code="a">fre</subfield></datafield><datafield ind1=" " ind2=" " tag="080"><subfield code="a">538.93:538.953(043)</subfield></datafield><datafield ind1="1" ind2=" " tag="100"><subfield code="a">Tran, Hu Danh</subfield></datafield><datafield ind1="1" ind2="0" tag="245"><subfield code="a">Caracterisation thermique et proprietes de transport electronique de composes amorphes cdge1-xsbxas2</subfield><subfield code="b">These</subfield><subfield code="c">Tran hu danh</subfield></datafield><datafield ind1=" " ind2=" " tag="260"><subfield code="a">Orsay</subfield><subfield code="b">Universite</subfield><subfield code="c">1976</subfield></datafield><datafield ind1=" " ind2=" " tag="300"><subfield code="a">88P</subfield></datafield><datafield ind1=" " ind2=" " tag="852"><subfield code="a">78163</subfield><subfield code="c">539.2</subfield></datafield><datafield ind1=" " ind2=" " tag="CAT"><subfield code="a">Sys</subfield><subfield code="c">20121206</subfield><subfield code="h">172744</subfield></datafield></record></collection>